{
  "leader": "02473cam a22003731i 4500",
  "fields": [
    {
      "001": "ocm00478809\\"
    },
    {
      "003": "OCoLC"
    },
    {
      "005": "20220630173749.0"
    },
    {
      "008": "731207s1967\\\\\\\\nyu\\\\\\\\\\\\b\\\\\\\\000\\0\\eng\\\\"
    },
    {
      "007": "ta"
    },
    {
      "010": {
        "ind1": "\\",
        "ind2": "\\",
        "subfields": [
          {
            "a": "   67028325 "
          }
        ]
      }
    },
    {
      "040": {
        "ind1": "\\",
        "ind2": "\\",
        "subfields": [
          {
            "a": "DLC"
          },
          {
            "b": "eng"
          },
          {
            "c": "DLC"
          },
          {
            "d": "PGC"
          },
          {
            "d": "BTCTA"
          },
          {
            "d": "AU@"
          },
          {
            "d": "OCLCF"
          },
          {
            "d": "OCLCQ"
          },
          {
            "d": "U3G"
          },
          {
            "d": "IL4J6"
          },
          {
            "d": "YBM"
          },
          {
            "d": "OCLCO"
          }
        ]
      }
    },
    {
      "019": {
        "ind1": "\\",
        "ind2": "\\",
        "subfields": [
          {
            "a": "150481569"
          },
          {
            "a": "225960287"
          },
          {
            "a": "977111908"
          },
          {
            "a": "1077269718"
          },
          {
            "a": "1087143602"
          },
          {
            "a": "1113032310"
          },
          {
            "a": "1130905984"
          },
          {
            "a": "1292685240"
          }
        ]
      }
    },
    {
      "035": {
        "ind1": "\\",
        "ind2": "\\",
        "subfields": [
          {
            "a": "(OCoLC)478809"
          },
          {
            "z": "(OCoLC)150481569"
          },
          {
            "z": "(OCoLC)225960287"
          },
          {
            "z": "(OCoLC)977111908"
          },
          {
            "z": "(OCoLC)1077269718"
          },
          {
            "z": "(OCoLC)1087143602"
          },
          {
            "z": "(OCoLC)1113032310"
          },
          {
            "z": "(OCoLC)1130905984"
          },
          {
            "z": "(OCoLC)1292685240"
          }
        ]
      }
    },
    {
      "050": {
        "ind1": "0",
        "ind2": "0",
        "subfields": [
          {
            "a": "Q171"
          },
          {
            "b": ".W365"
          }
        ]
      }
    },
    {
      "082": {
        "ind1": "0",
        "ind2": "0",
        "subfields": [
          {
            "a": "501"
          },
          {
            "b": "WEA"
          }
        ]
      }
    },
    {
      "100": {
        "ind1": "1",
        "ind2": "\\",
        "subfields": [
          {
            "a": "Weaver, Warren,"
          },
          {
            "d": "1894-1978."
          }
        ]
      }
    },
    {
      "245": {
        "ind1": "1",
        "ind2": "0",
        "subfields": [
          {
            "a": "Science and imagination :"
          },
          {
            "b": "selected papers /"
          },
          {
            "c": "Warren Weaver, with a foreword by George W. Beadle."
          }
        ]
      }
    },
    {
      "260": {
        "ind1": "\\",
        "ind2": "\\",
        "subfields": [
          {
            "a": "New York :"
          },
          {
            "b": "Basic Books,"
          },
          {
            "c": "[1967]"
          }
        ]
      }
    },
    {
      "300": {
        "ind1": "\\",
        "ind2": "\\",
        "subfields": [
          {
            "a": "xvi, 295 pages ;"
          },
          {
            "c": "22 cm"
          }
        ]
      }
    },
    {
      "336": {
        "ind1": "\\",
        "ind2": "\\",
        "subfields": [
          {
            "a": "text"
          },
          {
            "b": "txt"
          },
          {
            "2": "rdacontent"
          }
        ]
      }
    },
    {
      "337": {
        "ind1": "\\",
        "ind2": "\\",
        "subfields": [
          {
            "a": "unmediated"
          },
          {
            "b": "n"
          },
          {
            "2": "rdamedia"
          }
        ]
      }
    },
    {
      "338": {
        "ind1": "\\",
        "ind2": "\\",
        "subfields": [
          {
            "a": "volume"
          },
          {
            "b": "nc"
          },
          {
            "2": "rdacarrier"
          }
        ]
      }
    },
    {
      "504": {
        "ind1": "\\",
        "ind2": "\\",
        "subfields": [
          {
            "a": "Includes bibliographical references."
          }
        ]
      }
    },
    {
      "505": {
        "ind1": "0",
        "ind2": "\\",
        "subfields": [
          {
            "a": "Science- what is it? -- Free science -- Report of the special committee -- Science and complexity -- The imperfections of science -- Scientific explanation -- The pageant of size -- Science and the citizen -- What a moon ticket will buy -- Why is it so important that science by understood? -- Can a scientist believe in God? -- Statistical morality -- Some moral problems posed by modern science -- Probability : the odds are high that it affects you -- Statistics -- Probability, rarity, interest, and surprise -- Statistical freedom of the will -- Communicative accuracy -- Translation -- Information theory- a nontechnical review -- Peace of mind -- Words -- Confessions of a scientist-humanist -- Alice's adventures in wonderland- its origin and its author -- The \"India Alice\" -- Lewis Carroll : mathematician -- The mathematical manuscripts of Lewis Carroll."
          }
        ]
      }
    },
    {
      "650": {
        "ind1": "\\",
        "ind2": "0",
        "subfields": [
          {
            "a": "Science."
          }
        ]
      }
    },
    {
      "650": {
        "ind1": "\\",
        "ind2": "2",
        "subfields": [
          {
            "a": "Science"
          }
        ]
      }
    },
    {
      "650": {
        "ind1": "\\",
        "ind2": "7",
        "subfields": [
          {
            "a": "Science."
          },
          {
            "2": "fast"
          },
          {
            "0": "(OCoLC)fst01108176"
          }
        ]
      }
    },
    {
      "700": {
        "ind1": "1",
        "ind2": "\\",
        "subfields": [
          {
            "a": "Beadle, George Wells,"
          },
          {
            "d": "1903-1989,"
          },
          {
            "e": "writer of foreword."
          }
        ]
      }
    },
    {
      "776": {
        "ind1": "0",
        "ind2": "8",
        "subfields": [
          {
            "i": "Online version:"
          },
          {
            "a": "Weaver, Warren, 1894-1978."
          },
          {
            "t": "Science and imagination."
          },
          {
            "d": "New York, Basic Books [1967]"
          },
          {
            "w": "(OCoLC)594593614"
          }
        ]
      }
    },
    {
      "776": {
        "ind1": "0",
        "ind2": "8",
        "subfields": [
          {
            "i": "Online version:"
          },
          {
            "a": "Weaver, Warren, 1894-1978."
          },
          {
            "t": "Science and imagination."
          },
          {
            "d": "New York, Basic Books [1967]"
          },
          {
            "w": "(OCoLC)632095958"
          }
        ]
      }
    },
    {
      "994": {
        "ind1": "\\",
        "ind2": "\\",
        "subfields": [
          {
            "a": "Z0"
          },
          {
            "b": "NYRVC"
          }
        ]
      }
    },
    {
      "948": {
        "ind1": "\\",
        "ind2": "\\",
        "subfields": [
          {
            "h": "NO HOLDINGS IN NYRVC - 455 OTHER HOLDINGS"
          }
        ]
      }
    },
    {
      "999": {
        "ind1": "\\",
        "ind2": "\\",
        "subfields": [
          {
            "a": "00000000019540"
          }
        ]
      }
    }
  ]
}